
# Lit Review
@article{das2017,
author = {Das, Dipanjan and Martins, Andr√©},
year = {2007},
month = {12},
pages = {},
title = {A survey on automatic text summarization}
}

# Evaluation
@article{ganesan2015,
  title={ROUGE 2.0: Updated and Improved Measures for Evaluation of Summarization Tasks},
  author={Ganesan, Kavita},
  year={2015}
}

